% This file was created with JabRef 2.10.
% Encoding: Cp1252

@book{recommender_handbook,
  editor       = {Francesco Ricci and
                  Lior Rokach and
                  Bracha Shapira},
  title        = {Recommender Systems Handbook},
  publisher    = {Springer {US}},
  year         = {2022},
  url          = {https://doi.org/10.1007/978-1-0716-2197-4},
  doi          = {10.1007/978-1-0716-2197-4},
  isbn         = {978-1-0716-2196-7},
  timestamp    = {Tue, 10 Jan 2023 15:33:11 +0100},
  biburl       = {https://dblp.org/rec/reference/sp/2022rsh.bib},
  bibsource    = {dblp computer science bibliography, https://dblp.org}
}

@incollection{collaborativerecommendations,
  title={Group Recommendations},
  author={Boratto, Ludovico and Felfernig, Alexander},
  booktitle={COLLABORATIVE RECOMMENDATIONS: Algorithms, Practical Challenges and Applications},
  pages={203--232},
  year={2019},
  publisher={World Scientific}
}

@incollection{musicrecommender,
  title={Music recommendation systems: Techniques, use cases, and challenges},
  author={Schedl, Markus and Knees, Peter and McFee, Brian and Bogdanov, Dmitry},
  booktitle={Recommender Systems Handbook},
  pages={927--971},
  year={2021},
  publisher={Springer}
}

@incollection{contextrecommender,
  title={Context-Aware Recommender Systems: From Foundations to Recent Developments Context-aware recommender systems},
  author={Adomavicius, Gediminas and Bauman, Konstantin and Tuzhilin, Alexander and Unger, Moshe},
  booktitle={Recommender Systems Handbook},
  pages={211--250},
  year={2021},
  publisher={Springer}
}

@incollection{grouprecommender,
  title={Group recommender systems: Beyond preference aggregation},
  author={Masthoff, Judith and Deli{\'c}, Amra},
  booktitle={Recommender Systems Handbook},
  pages={381--420},
  year={2022},
  publisher={Springer}
}


@incollection{recommenderintro,
  title={Recommender systems: introduction and challenges},
  author={Ricci, Francesco and Rokach, Lior and Shapira, Bracha},
  booktitle={Recommender systems handbook},
  pages={1--34},
  year={2022},
  publisher={Springer}
}

@inproceedings{Senot2010Analysis,
  author = {Senot, C. and Kostadinov, D. and Bouzid, M. and Picault, J. and Aghasaryan, A. and Bernier, C.},
  title = {Analysis of strategies for building group profiles},
  booktitle = {Proceedings of User Modeling, Adaptation, and Personalization},
  publisher = {Springer},
  address = {Berlin},
  year = {2010},
  pages = {40--51}
}

@inproceedings{Tran2019Interact,
  author = {Tran, L. Vinh and Pham, T.-A. Nguyen and Tay, Y. and Liu, Y. and Cong, G. and Li, X.},
  title = {Interact and decide: Medley of sub-attention networks for effective group recommendation},
  booktitle = {Proceedings of the 42nd International ACM SIGIR Conference on Research and Development in Information Retrieval},
  publisher = {ACM},
  address = {New York},
  year = {2019},
  pages = {255--264}
}


@misc{flutter,
author = {Google},
title = {Flutter},
year = {2017},
publisher = {GitHub},
journal = {GitHub repository},
howpublished = {\url{github.com/flutter/flutter}},
}

@misc{spotify,
author = {Spotify AB},
title = {Spotify},
year = {2024},
howpublished = {\url{https://open.spotify.com/}},
}

@misc{deezer_api,
  author = {deezerdevs},
  title = {Deezer API Documentation},
  year = {2024},
  howpublished = {\url{https://rapidapi.com/deezerdevs/api/deezer-1}},
}

@misc{applemusic_api,
  author = {Apple Inc.},
  title = {Apple Music API},
  year = {2024},
  howpublished = {\url{https://developer.apple.com/documentation/applemusicapi}},
}


@misc{spotify_wikipedia,
  author = {Wikipedia},
  title = {Spotify},
  year = {2024},
  howpublished = {\url{https://es.wikipedia.org/wiki/Spotify}},
  note = {Último acceso: 7 de febrero de 2024}
}

@misc{HistoriaSpotifyMarketing4ECommerce,
  author = {Marketing4eCommerce},
  title = {Historia de Spotify: nacimiento y evolución},
  year = {2022},
  howpublished = {\url{https://marketing4ecommerce.net/historia-de-spotify-del-lider-de-la-musica-en-streaming/}},
  note = {Último acceso: 7 de febrero de 2024}
}

@misc{SpotifyEngineeringBlog,
  author = {Spotify Engineering},
  title = {Spotify Engineering - Spotify’s official technology blog},
  year = {2024},
  howpublished = {\url{https://engineering.atspotify.com/}},
}


@misc{material,
author = {Google},
title = {Material Design},
year = {2023},
howpublished = {\url{https://m3.material.io/develop/flutter}},
}

@misc{dart,
author = {Google},
title = {Dart},
year = {2011},
publisher = {GitHub},
journal = {GitHub repository},
howpublished = {\url{https://github.com/dart-lang}},
}

@misc{spotify_api,
author = {Spotify AB},
title = {Web API, Spotify for developers},
year = {2024},
howpublished = {\url{https://developer.spotify.com/documentation/web-api}},
}

@misc{flutter_car,
author = {Google},
title = {Toyota showcase},
publisher = {Google},
year = {2021},
howpublished = {\url{https://flutter.dev/showcase/toyota}},
}

@misc{dart_overview,
author = {Google},
title = {Dart Overview},
year = {2023},
publisher = {Google},
howpublished = {\url{https://dart.dev/overview}},
}

@misc{hot_reload,
author = {Google},
title = {Hot Reload},
year = {2023},
publisher = {Google},
howpublished = {\url{https://docs.flutter.dev/tools/hot-reload}},
}

@misc{pub_dev,
 title={pub.dev},
 author={Google},
 year={2023},
 publisher={Google},
 howpublished = {\url{https://pub.dev}},
}

@misc{flutter_install,
author = {Google},
title = {Flutter install},
year = {2024},
publisher = {Google},
howpublished = {\url{https://docs.flutter.dev/get-started/install}},
}

@misc{flutter_ui,
author = {Google},
title = {Building user interfaces with Flutter},
year = {2023},
publisher = {Google},
howpublished = {\url{https://docs.flutter.dev/ui}},
}

@misc{react,
author = {Meta},
title = {React},
year = {2024},
publisher = {Meta},
howpublished = {\url{https://react.dev}},
}

@misc{spotify_pkce,
author = {Spotify AB},
title = {Authorization Code with PKCE flow},
year = {2024},
publisher = {Spotify AB},
howpublished = {\url{https://developer.spotify.com/documentation/web-api/tutorials/code-pkce-flow}},
}

@misc{current_user_profile,
author = {Spotify AB},
title = {Get Current User's Profile},
year = {2024},
publisher = {Spotify},
howpublished = {\url{https://developer.spotify.com/documentation/web-api/reference/get-current-users-profile}},
}

@misc{top_items,
author = {Spotify AB},
title = {Get User's Top Items},
year = {2024},
publisher = {Spotify},
howpublished = {\url{https://developer.spotify.com/documentation/web-api/reference/get-users-top-artists-and-tracks}},
}

@misc{recommendations,
author = {Spotify AB},
title = {Get Recommendations},
year = {2024},
publisher = {Spotify},
howpublished = {\url{https://developer.spotify.com/documentation/web-api/reference/get-recommendations}},
}

@misc{create_playlist,
author = {Spotify AB},
title = {Create playlist},
year = {2024},
publisher = {Spotify},
howpublished = {\url{https://developer.spotify.com/documentation/web-api/reference/create-playlist}},
}

@misc{add_to_playlist,
author = {Spotify AB},
title = {Add Items to Playlist},
year = {2024},
publisher = {Spotify},
howpublished = {\url{https://developer.spotify.com/documentation/web-api/reference/add-tracks-to-playlist}},
}

@misc{indexeddb,
author = {Mozilla},
title = {IndexedDB API},
year = {2024},
publisher = {Mozilla},
howpublished = {\url{https://developer.mozilla.org/en-US/docs/Web/API/IndexedDB_API#}},
}

@misc{hive,
 title={Hive package},
 author={Google},
 year={2024},
 publisher={Google},
 howpublished = {\url{https://pub.dev/packages/hive}},
}

@article{brooke1986system,
  title={System usability scale (SUS)},
  author={Brooke, John},
  journal={(2011): Measuring Usability with the System Usability Scale (SUS)},
  year={1986}
}

